@misc{periodic_caustic_textures,
	author = {Jos Stam},
	year={2004},
	title = {Periodic Caustic Textures},
	publisher = {Dynamic Graphics Project lab of the University of Toronto},
	howpublished = {\url{https://www.dgp.toronto.edu/~stam/reality/Research/PeriodicCaustics/}}
}

@article{caustics_photon_mapping,
	author  = {Johannes G\"unther, Ingo Waldy and Philipp Slusallek}, 
	title   = {Realtime Caustics Using Distributed Photon Mapping},
	journal = {Eurographics Symposium on Rendering},
	year    = {2004}
}

@inbook{caustics_gpu_gems,
	author = {Juan Guardado and Daniel Sánchez-Crespo},
	year = {2004},
	chapter = {Rendering Water Caustics},
	title = {GPU Gems},
	publisher = {NVIDIA Corporation},
	url = {\url{https://developer.nvidia.com/gpugems/gpugems/part-i-natural-effects/chapter-2-rendering-water-caustics}}
}

@misc{perlin_noise,
	author = {Stefan Gustavson and Patricio Gonzalez Vivo},
	title = {Classic Perlin 3D Noise},
	year = {2014},
	publisher = {GitHub},
	journal = {GitHub Gist},
	howpublished = {\url{https://gist.github.com/patriciogonzalezvivo/670c22f3966e662d2f83}}
}

@misc{caustics_video,
	author = {Marius Oberholster},
	title = {Cycles Toon Shading Tip - Caustics [Tutorial]},
	year = {2017},
  howpublished = {\url{https://www.youtube.com/watch?v=JXuiocIkYr0}}
}

@InProceedings{watercolor_paper,
    Author = {Adrien Bousseau and Matt Kaplan and Francois X. Sillion},
    Title = {Interactive watercolor rendering with temporal coherence and abstraction},
    Booktitle = {In Proceedings of the 4th international symposium on Non-photorealistic animation and rendering},
    Year = {2006},
    Pages = {141--149}
}

@misc{watercolor_underwater,
	author = {Mehdi Chaid and Arnaud Paré-Vogt},
	title = {Watercolor underwater scene in OpenGL},
	year = {2020},
	publisher = {GitHub},
  howpublished = {\url{https://github.com/JeyzerMC/Projet-INF8702}}
}

@misc{learnopengl,
  author = {Joey de Vries},
  title = {Learn OpenGL},
  year = {2014},
  howpublished = {\url{https://learnopengl.com/}},
  note = {Accessed: 2020-12-15}
}

@misc{cgtrader,
  author = {CgTrader},
  title = {CgTrader 3D models},
  year = {2011},
  howpublished = {\url{https://www.cgtrader.com/}},
  note = {Accessed: 2020-12-15}
}

@InProceedings{morph_colors_1,
    Author = {Llyod J. Sartor and Arthur R. Weeks},
    Title = {Morphological operations on color images},
    Booktitle = {Journal of Electronic Imaging},
    Year = {2001},
    Pages = {548--559}
}

@InProceedings{morph_colors_2,
    Author = {Xaro Benavent and Esther Dura and Francisco Vegara and Juan Domingo},
    Title = {Mathematical Morphology for Color Images: An Image-Dependent Approach},
    Booktitle = {Mathematical Problems in Engineering (vol. 2012},
    Year = {2012}
}